<?xml version="1.0" encoding="UTF-8"?><record xmlns="http://www.loc.gov/MARC21/slim" xmlns:cinclude="http://apache.org/cocoon/include/1.0" xmlns:zs="http://www.loc.gov/zing/srw/">
  <leader>00799cz  a2200181n  4500</leader>
  <controlfield tag="001">no 92006522 </controlfield>
  <controlfield tag="003">DLC</controlfield>
  <controlfield tag="005">20080816080953.0</controlfield>
  <controlfield tag="008">920309n| acannaabn          |b ana      </controlfield>
  <datafield tag="010" ind1=" " ind2=" ">
    <subfield code="a">no 92006522 </subfield>
  </datafield>
  <datafield tag="035" ind1=" " ind2=" ">
    <subfield code="a">(OCoLC)oca03128649</subfield>
  </datafield>
  <datafield tag="040" ind1=" " ind2=" ">
    <subfield code="a">DNAL</subfield>
    <subfield code="b">eng</subfield>
    <subfield code="c">DNAL</subfield>
    <subfield code="d">OCoLC</subfield>
  </datafield>
  <datafield tag="110" ind1="2" ind2=" ">
    <subfield code="a">Miyagi Gakuin Joshi Daigaku.</subfield>
    <subfield code="b">Seikatsu Kagaku Kenkyūjo</subfield>
  </datafield>
  <datafield tag="410" ind1="2" ind2=" ">
    <subfield code="a">Miyagi Gakuin Joshi Daigaku.</subfield>
    <subfield code="b">Institute of Living Sciences</subfield>
  </datafield>
  <datafield tag="410" ind1="2" ind2=" ">
    <subfield code="a">宮城学院女子大学.</subfield>
    <subfield code="b">生活科学硏究所</subfield>
  </datafield>
  <datafield tag="667" ind1=" " ind2=" ">
    <subfield code="a">Machine-derived non-Latin script reference project.</subfield>
  </datafield>
  <datafield tag="667" ind1=" " ind2=" ">
    <subfield code="a">Non-Latin script reference not evaluated.</subfield>
  </datafield>
  <datafield tag="670" ind1=" " ind2=" ">
    <subfield code="a">Seikatsu Kagaku Kenkyūjo kenkyū hōkoku, 1991:</subfield>
    <subfield code="b">t.p. (Miyagi Gakuin Joshi Daigaku, Seikatsu Kagaku Kenkyūjo) p. 4 of cover (Institute of Living Sciences, Miyagi Gakuin Women's College)</subfield>
  </datafield>
</record>